
@Article{BachevalierJ:1994:AutismAnimalModel,
  author = 	 {Bachevalier, J.},
  title = 	 {Medial Temporal Lobe Structures in Autism: A Review
                  of Clinical and Experimental Findings},
  journal = 	 {Neuropsychologia},
  year = 	 {1994},
  volume =	 {32},
  number =       {6},
  pages =	 {627--648}
}

@Article{Baron-Cohen:1985:AutismTOM,
  author =   {Baron-Cohen, Simon and Leslie, Alan M. and Frith, Uta},
  title =    {Does the Autistic Child Have a ``Theory of Mind''?},
  journal =  {Cognition},
  year =     {1985},
  volume =   {21},
  number =   {1},
  pages =    {37--46}
}

@InCollection{BartoAG:1994:TDLearning,
  author = 	 {Barto, A. G.},
  title = 	 {Adaptive Critics and the Basal Ganglia},
  booktitle = 	 {Models of Information Processing in the Basal
                  Ganglia},
  pages =	 {215--232},
  publisher =	 {MIT Press},
  year =	 {1994},
  editor =	 {Houk, J. C. and Davis, J. L. and Beiser, D. G.},
  address =	 {Cambridge, Massachusetts}
}

@Article{BennettoL:1996:AutismPlanningWCST,
  author = 	 {Bennetto, L. and Pennington, B. F. and Rogers, S. J.},
  title = 	 {Intact and Impaired Memory Functions in Autism},
  journal = 	 {Child Development},
  year = 	 {1996},
  volume =	 {67},
 number =       {4},
  pages =	 {1816--1835}
}

@Article{BergEA:1948:WCST,
  author = 	 {Berg, Esta A.},
  title = 	 {A Simple Objective Test for Measuring Flexibility in
                  Thinking},
  journal = 	 {Journal of General Psychology},
  year = 	 {1948},
  volume =	 {39},
  pages =	 {15--22}
}

@Article{BortaA:2007:NeurogenesisDA,
  author = 	 {Borta, Andreas and H\"{o}glinger, G\"{u}nter U.},
  title = 	 {Dopamine and Adult Neurogenesis},
  journal = 	 {Journal of Neurochemistry},
  year = 	 {2007},
  volume =	 {100},
  number =	 {3},
  pages =	 {587--595}
}

@Article{BraverTS:1999:Schizophrenia,
  author = 	 {Braver, Todd S. and Cohen, Jonathan D.},
  title = 	 {Dopamine, Cognitive Control, and Schizophrenia:  The
                  Gating Model},
  journal = 	 {Progress in Brain Research},
  year = 	 {1999},
  volume =	 {121},
  pages =	 {327--349}
}

@InCollection{BraverTS:2000:Control,
  author = 	 {Braver, Todd S. and Cohen, Jonathan D.},
  title = 	 {On the Control of Control:  The Role of Dopamine in
                  Regulating Prefrontal Function and Working Memory},
  booktitle = 	 {Control of Cognitive Processes:  Attention and
                  Performance {XVIII}},
  pages =	 {713--737},
  publisher =	 {MIT Press},
  year =	 {2000},
  editor =	 {Monsell, Stephen and Driver, Jon},
  chapter =	 {31},
  address =	 {Cambridge, Massachusetts}
}

@Article{CanalesJJ:2000:Stereotypy,
  author = 	 {Canales, Juan J. and Graybiel, Ann M.},
  title = 	 {A Measure of Striatal Function Predicts Motor
                  Stereotypy},
  journal = 	 {Nature Neuroscience},
  year = 	 {2000},
  volume =	 {3},
  number =       {4},
  pages =	 {377--383}
}

@Article{CasanovaMF:2003:AutismMiniColumns,
  author = 	 {Casanova, M. F. and Buuxhoeveden, D. and Gomez, J.},
  title = 	 {Disruption in the Inhibitory Architecture of the
                  Cell Minicolumn: Implications for Autism}, 
  journal = 	 {The Neuroscientist},
  year = 	 {2003},
  volume =	 {9},
  number =	 {6},
  pages =	 {496--507}
}

@Article{CleeremansA:1991:SSRT,
  author = 	 {Cleeremans, Axel and McClelland, James L.},
  title = 	 {Learning the Structure of Event Sequences},
  journal = 	 {Journal of Experimental Psychology},
  year = 	 {1991},
  volume =	 {120},
  number =	 {3},
  pages =	 {235--253}
}

@Article{CohenIL:1994:AutismLearning,
  author = 	 {Cohen, Ira L.},
  title = 	 {An Artificial Neural Network Analogue of Learning in
                  Autism},
  journal = 	 {Biological Psychiatry},
  year = 	 {1994},
  volume =	 {36},
  number =	 {1},
  pages =	 {5--20}
}

@Article{CohenJD:1990:Stroop,
  author = 	 {Cohen, Jonathan D. and Dunbar, Kevin and McClelland,
                  James L.},
  title = 	 {On the Control of Automatic Processes:  A Parallel
                  Distributed Processing Model of the {Stroop} Effect},
  journal = 	 {Psychological Review},
  year = 	 {1990},
  volume =	 {97},
  number =	 {3},
  pages =	 {332--361}
}

@Article{CohenJD:1992:Schizophrenia,
  author = 	 {Cohen, Jonathan D. and {Servan-Schrieber}, David},
  title = 	 {Context, Cortex, and Dopamine:  A Connectionist
                  Approach to Behavior and Biology in Schizophrenia},
  journal = 	 {Psychological Review},
  year = 	 {1992},
  volume =	 {99},
  number =	 {1},
  pages =	 {45--77}
}

@Article{CourchesneE:1994:CerebellumAttentionShift,
  author = 	 {Courchesne, E. and Townsend, J. and Akshoomoff,
                  N. A. and Saitoh, O. and Yeung-Courchesne, R. and
                  Lincoln, A.J. and James, H.E. and Haas, R. H. and
                  Schreibman, L. and Lau, L.}, 
  title = 	 {Impairment in Shifting Attention in Autistic and
                  Cerebellar Patients}, 
  journal =      {Behavioral Neuroscience},
  year = 	 {1994},
  volume =	 {108},
  number =	 {1},
  pages =	 {848--865}
}

@Article{DayanP:2008:Ugly,
  author = 	 {Dayan, Peter and Niv, Yael},
  title = 	 {Reinforcement Learning: The Good, The Bad and The Ugly},
  journal = 	 {Current Opinion in Neurobiology},
  year = 	 {2008},
  volume =	 {18},
  pages =	 {185--196}
}

@Article{EigstiI:2003:AutismNeuroReview,
  author = 	 {Eigsti, Inge-Marie and Shapiro, Theodore},
  title = 	 {A Systems Neuroscience Approach to Autism:
                  Biological, Cognitive, and Clinical Perspectives},
  journal = 	 {Mental Retardation and Developmental Disabilities
                  Research Reviews},
  year = 	 {2003},
  volume =	 {9},
  pages =	 {205--215}
}

@Article{ElmanJ:1990:SRN,
  author = 	 {Elman, J.},
  title = 	 {Finding Structure in Time},
  journal = 	 {Cognitive Science},
  year = 	 {1990},
  volume =	 {14},
  pages =	 {179--211}
}

@Article{FernellE:1997:AutismPET,
  author = 	 {Fernell, E. and Watanabe, Y. and Adolfsson, I. and
                  Tani, Y. and Bergstrom, M. and Hartvig, P. and
                  Lilja, A. and von Knorring, A. L. and  Gillberg,
                  C. and Langstrom, B.},
  title = 	 {Possible Effects of Tetrahydrobiopterin Treatment in
                  Six Children with Autism -- Clinical and Positron
                  Emission Tomography Data: A Pilot Study}, 
  journal = 	 {Developmental Medicine and Child Neurology},
  year = 	 {1997},
  volume =	 {39},
  number =	 {5},
  pages =	 {313--318}
}

@Article{FilipekPA:1995:AutismCerebellumMRI,
  author = 	 {Filipek, P. A.},
  title = 	 {Quantitative Magnetic Resonance Imaging in Autism:
                  The Cerebelar Vermis}, 
  journal = 	 {Current Opinion in Neurology},
  year = 	 {1995},
  volume =	 {8},
  number =       {2},
  pages =	 {134--138}
}

@Book{FrithU:1989:AutismWCC,
  author =	 {Frith, Uta},
  title = 	 {Autism: Explaining the Enigma},
  publisher = 	 {Blackwell},
  year = 	 {1989},
  address =	 {Oxford}
}

@InCollection{GoldmanRakicPS:1987:PFCMaintenance,
  author = 	 {Goldman-Rakic, Patricia S.},
  title = 	 {Circuitry of Primate Prefrontal Cortex and
                  Regulation of Behavior by Representational Memory}, 
  booktitle = 	 {Handbook of Physiology -- The Nervous System},
  publisher =	 {American Physiological Society},
  year = 	 {1987},
  editor =	 {Plum, F.},
  address =	 {Bethesda, MD},
  pages =	 {373--417}
}

@Article{GriffithEM:1999:AutismYoungED,
  author = 	 {Griffith, Elizabeth M. and Pennington, Bruce F. and
                  Wehner, Elizabeth A. and Rogers, Sally J.}, 
  title = 	 {Executive Functions in Young Children with Autism},
  journal = 	 {Child Development},
  year = 	 {1999},
  volume =	 {70},
  number =	 {4},
  pages =	 {817--832}
}

@Article{GustafssonL:1997:AutismMaps,
  author = 	 {Gustafsson, Lennart},
  title = 	 {Inadequate Cortical Feature Maps:  A Neural Circuit
                  Theory of Autism},
  journal = 	 {Biological Psychiatry},
  year = 	 {1997},
  volume =	 {42},
  number =	 {12},
  pages =	 {1138--1147}
}

@Article{HappeF:1999:WCC,
  author = 	 {Happ\'{e}, Francesca},
  title = 	 {Autism: Cognitive Deficit or Cognitive Style?},
  journal = 	 {Trends in Cognitive Sciences},
  year = 	 {1999},
  volume =	 {3},
  number =	 {6},
  pages =	 {216--222}
}

@Article{HappeF:1997:WCCHomographs,
  author = 	 {Happ\'{e}, Francesca G. E.},
  title = 	 {Central Coherence and Theory of Mind in Autism:
                  Reading Homographs in Context}, 
  journal = 	 {British Journal of Developmental Psychology},
  year = 	 {1997},
  volume =	 {15},
  number =	 {1},
  pages =	 {1--12}
}

@Article{HillEL:2004:AutismExecutiveDysfunction,
  author = 	 {Hill, Elisabeth},
  title = 	 {Executive Dysfunction in Autism},
  journal = 	 {Trends in Cognitive Sciences},
  year = 	 {2004},
  volume =	 {8},
  number =	 {1},
  pages =	 {26--32}
}

@Article{HughesC:1994:AutismExecutiveDysfunction,
  author = 	 {Hughes, Claire and Russell, J. and Robbins, Trevor
                  W.},
  title = 	 {Evidence for Executive Dysfunction in Autism},
  journal = 	 {Neuropsychologia},
  year = 	 {1994},
  volume =	 {32},
  number =	 {4},
  pages =	 {477--492}
}

@InCollection{KlingerLG:2006:Implicit,
  author = 	 {Klinger, L. G. and Klinger, M. R. and Pohlig,
                  R. L.},
  title = 	 {Implicit Learning Impairments in Autism Spectrum
                  Disorders: Implications for Treatment},
  booktitle = 	 {New Developments in Autism: The Future is Today},
  publisher =	 {Jessica Kingsley Publishers},
  year =	 {2006},
  editor =	 {Perez, J. M. and Gonzalez, P. M. and Comi, M. L. and
                  Nieto, C.},
  address =	 {London}
}

@InProceedings{KrieteT:2009:SRTT,
  author = 	 {Kriete, Trent and Noelle, David C.},
  title = 	 {Implicit Learning Deficits in Autism: A
                  Neurocomputational Account},
  booktitle =	 {Proceedings of the 31st Annual Conference of the
                  Cognitive Science Society},
  year =	 {2009},
  editor =	 {Taatgen, N. and {van Rijn}, H.},
  pages =	 {309--314},
  address =	 {Amsterdam, The Netherlands},
  publisher =	 {Cognitive Science Society}
}

@Article{KrieteT:2015:ED,
  author = 	 {Kriete, Trenton and Noelle, David C.},
  title = 	 {Dopamine and the Development of Executive
                  Dysfunction in Autism Spectrum Disorders},
  journal = 	 {{PLoS ONE}},
  year = 	 {2015},
  volume =	 {10},
  number =	 {3},
  note =	 {e0121605, doi:10.1371/journal.pone.0121605}
}

@InCollection{LuceRD:1963:Ratio,
  author =	 {Luce, R. D.},
  title = 	 {Detection and Recognition},
  booktitle = 	 {Handbook of Mathematical Psychology},
  publisher =	 {Wiley},
  year =	 {1963},
  editor =	 {Luce, R. D. and Bush, R. R. and Galanter, E.},
  pages =	 {103--189},
  address =	 {New York}
}

@Article{MartineauJ:1992:AutismDopamine,
  author = 	 {Martineau, J. and Barthelemy, C. and Jouve, J. and
                  Muh, J. P. and Lelord, G.}, 
  title = 	 {Monoamines (Serotonin and Catecholamines) and their
                  Derivatives in Infantile Autism: Age-Related Changes
                  and Drug Effects}, 
  journal = 	 {Developmental Medicine and Child Neurology},
  year = 	 {1992},
  volume =	 {34},
  number =	 {7},
  pages =	 {593--603}
}

@Article{McClellandJL:2000:Autism,
  author = 	 {McClelland, James L.},
  title = 	 {The Basis of Hyperspecificity in Autism:  A
                  Preliminary Suggestion Based on Properties of Neural
                  Nets},
  journal = 	 {Journal of Autism and Developmental Disorders},
  year = 	 {2000},
  volume =	 {30},
  number =	 {5},
  pages =	 {497--502}
}

@Article{MinshewNJ:2002:AutismWCST,
  author = 	 {Minshew, N. J. and Meyer, J. and Goldstein, G.},
  title = 	 {Abstract Reasoning in Autism: A Dissociation Between
                  Concept Formation and Concept Identification}, 
  journal = 	 {Neuropsychology},
  year = 	 {2002},
  volume =	 {16},
  number =	 {3},
  pages =	 {327--334}
}

@Article{MontaguePR:1996:Dopamine,
  author = 	 {Montague, P. Read and Dayan, Peter and Sejnowski,
                  Terrence J.},
  title = 	 {A Framework for Mesencephalic Dopamine Systems Based
                  On Predictive {Hebbian} Learning},
  journal = 	 {Journal of Neuroscience},
  year = 	 {1996},
  volume =	 {16},
  number =       {5},
  pages =	 {1936--1947}
}

@Article{MostofskySH:2000:Procedural,
  author = 	 {Mostofsky, Stewart H. and Goldberg, Melissa C. and
                  Landa, Rebecca J. and Denckla, Martha B.},
  title = 	 {Evidence for a Deficit in Procedural Learning in
                  Children and Adolescents with Autism: Implications
                  for Cerebellar Contribution},
  journal = 	 {Journal of the International Neuropsychological
                  Society},
  year = 	 {2000},
  volume =	 {6},
  number =	 {7},
  pages =	 {752--759}
}

@Article{QuiA:2010:ASDMotor,
  author = 	 {Qiu, Anqi and Adler, Marcy and Crocetti, Deana and
                  Miller, Michael I. and Mostofsky, Stewart H.},
  title = 	 {Basal Ganglia Shapes Predict Social, Communication,
                  and Motor Dysfunctions in Boys With Autism Spectrum
                  Disorder},
  journal = 	 {Journal of the American Academy of Child and
                  Adolescent Psychiatry},
  year = 	 {2010},
  volume =	 {49},
  number =	 {6},
  pages =	 {539 - 551}
}

@Article{NoelleDC:2012:Rules,
  author = 	 {Noelle, David C.},
  title = 	 {On the Neural Basis of Rule-Guided Behavior},
  journal = 	 {Journal of Integrative Neuroscience},
  year = 	 {2012},
  volume =	 {11},
  number =	 {4},
  pages =	 {453--475}
}

@Article{OLoughlinC:2000:Coherence,
  author = 	 {O'Loughlin, Claire and Thagard, Paul},
  title = 	 {Autism and Coherence:  A Computational Model},
  journal = 	 {Mind and Language},
  year = 	 {2000},
  volume =	 {15},
  number =	 {4},
  pages =	 {375--392}
}

@Book{OReillyRC:2000:Computational,
  author =	 {O'Reilly, Randall C. and Munakata, Yuko},
  title = 	 {Computational Explorations in Cognitive
                  Neuroscience:  Understanding the Mind by Simulating
                  the Brain},
  publisher = 	 {MIT Press},
  year = 	 {2000},
  address =	 {Cambridge, Massachusetts}
}

@Article{OReillyRC:2002:IDED,
  author = 	 {O'Reilly, Randall C. and Noelle, David C. and
                  Braver, Todd S. and Cohen, Jonathan D.},
  title = 	 {Prefrontal Cortex and Dynamic Categorization Tasks:
                  Representational Organization and Neuromodulatory
                  Control},
  journal = 	 {Cerebral Cortex},
  year = 	 {2002},
  volume =	 {12},
  number =	 {3},
  pages =	 {246--257}
}

@Article{OReillyRC:2006:MWMW,
  author = 	 {O'Reilly, R. C. and Frank, M. J.},
  title = 	 {Making Working Memory Work: A Computational Model of
                  Learning in the Frontal Cortex and Basal Ganglia},
  journal = 	 {Neural Computation},
  year = 	 {2006},
  volume =	 {18},
  number =	 {2},
  pages =	 {283--328}
}

@Article{Ozonoff:1999:AutismStroopWCST,
  author = 	 {Ozonoff, Sally and Jensen, Jenise},
  title = 	 {Specific Executive Function Profiles in Three
                  Neurodevelopmental Disorders},
  journal = 	 {Journal of Autism and Developmental Disorders},
  year = 	 {1999},
  volume =	 {29},
  number =	 {2},
  pages =	 {171--177}
}

@Article{PascualLeone:2004:PFCImplicit,
  author = 	 {Pascual-Leone, A. and Wassermann, E. M. and Grafman,
                  J. and Hallett, M.},
  title = 	 {The Role of the Dorsolateral Prefrontal Cortex in
                  Implicit Procedural Learning}, 
  journal = 	 {Experimental Brain Research},
  year = 	 {2004},
  volume =	 {107},
  number =	 {3},
  pages =	 {479--485}
}

@Article{PivenJ:1996:AutismBrainBig,
  author = 	 {Piven, J. and Arndt, S. and Bailey, J. and
                  Andreasen, N.},
  title = 	 {Regional Brain Enlargement in Autism: A Magnetic
                  Resonance Imaging Study}, 
  journal = 	 {Journal American Academy Child Adolescent Psychiatry},
  year = 	 {1996},
  volume =	 {35},
  number =	 {4},
  pages =	 {530--536}
}

@Article{PoseyDJ:2000:AutismDopamine,
  author = 	 {Posey, D. J. and McDougle, C. J.},
  title = 	 {The Pharmacotherapy of Target Symptoms Associated
                  with Autistic Disorder and Other Pervasive
                  Developmental Disorders},
  journal = 	 {Harvard Review of Psychiatry},
  year = 	 {2000},
  volume =	 {8},
  number =	 {2},
  pages =	 {45--63}
}

@Article{PriorMR:1990:AutismWCST,
  author = 	 {Prior, M. R. and Hoffman, W.},
  title = 	 {Neuropsychological Testing of Autistic Children
                  Through an Exploration with Frontal Lobe Tests},
  journal = 	 {Journal of Autism and Developmental Disorders},
  year = 	 {1990},
  volume =	 {20},
  number =	 {4},
  pages =	 {581--590}
}

@Article{RinehartNJ:2001:AutismMovement,
  author = 	 {Rinehart, Nicole J. and Bradshaw, John L. and
                  Brereton, Avril V. and Tonge, Bruce J.},
  title = 	 {Movement Preparation in High-Functioning Autism and
                  Asperger Disorder:  A Serial Choice Reaction Time
                  Task Involving Motor Reprogramming}, 
  journal = 	 {Journal of Autism and Developmental Disorders},
  year = 	 {2001},
  volume =	 {31},
  number =       {1},
  pages =	 {79--88}
}

@Article{RinehartNJ:2006:AutismGait,
  author = 	 {Rinehart, Nicole J. and Tonge, Bruce J. and Iansek,
                  Robert and McGinley, Jenny and Brereton, Avril
                  V. and Enticott, Peter G. and Bradshaw, John L.},  
  title = 	 {Gait Function in Newly Diagnosed Children with
                  Autism:  Cerebellar and Basal Ganglia Related Motor
                  Disorder},
  journal = 	 {Developmental Medicine \& Child Neurology},
  year = 	 {2006},
  volume =	 {48},
  number =	 {10},
  pages =	 {819--824}
}

@Article{RodierPM:1996:AutismCerebellum,
  author = 	 {Rodier, P. M. and Ingram, J. L. and Tisdale, B. and
                  Nelson, S. and Romana, J.},
  title = 	 {Embryological Origin for Autism: Developmental
                  Anomalies of the Cranial Nerve Motor Nuclei},
  journal = 	 {Journal of Comparative Neurology},
  year = 	 {1996},
  volume =	 {370},
  number =	 {2},
  pages =	 {247--261}
}

@Article{RougierNP:2005:XT,
  author = 	 {Rougier, Nicolas P. and Noelle, David C. and Braver,
                  Todd S. and Cohen, Jonathan D. and O'Reilly, Randall C.},
  title = 	 {Prefrontal Cortex and Flexible Cognitive Control:
                  Rules Without Symbols},
  journal =      {Proceedings of the National Academy of Sciences},
  year =	 {2005},
  volume =	 {102},
  number =	 {20},
  pages =	 {7338--7343}
}

@Article{StarrMS:1996:SeizuresDA,
  author = 	 {Starr, Michael S.},
  title = 	 {The Role of Dopamine in Epilepsy},
  journal = 	 {Synapse},
  year = 	 {1996},
  volume =	 {22},
  number =	 {2},
  pages =	 {159--194}
}

@Article{GastgebHZ:2009:Prototype,
  author = 	 {Gastgeb, H. Z. and Rump, K. M. and Best, C. A. and
                  Minshew, N. J. and Strauss, M. S.},
  title = 	 {Prototype Formation in Autism: Can Individuals with
                  Autism Abstract Facial Prototypes?},
  journal = 	 {Autism Research},
  year = 	 {2009},
  volume =	 {2},
  number =	 {5},
  pages =	 {279--284}
}

@Article{StroopJR:1935:Interference,
  author = 	 {Stroop, J. Ridley},
  title = 	 {Studies of Interference in Serial Verbal Reactions},
  journal = 	 {Journal of Experimental Psychology},
  year = 	 {1935},
  volume =	 {28},
  pages =	 {643--662}
}

@Article{StussDT:2000:WCSTLesion,
  author = 	 {Stuss, D. T. and Levine, B. and Alexander, M. P. and
                  Hong, J. and Palumbo, C. and Hamer, L. and Murphy,
                  K. J. and Izukawa, D.},
  title = 	 {Wisconsin Card Sorting Test Performance in Patients
                  with Focal Frontal and Posterior Brain Damage:
                  Effects of Lesion Location and Test Structure on
                  Separable Cognitive Processes},
  journal = 	 {Neuropsychologia},
  year = 	 {2000},
  volume =	 {38},
  number =	 {4},
  pages =	 {388--402}
}

@Article{StussDT:2001:StroopLesion,
  author = 	 {Stuss, D. T. and Floden, D. and Alexander, M. P. and
                  Levine, B. and Katz, D.},
  title = 	 {Stroop Performance in Focal Lesion Patients:
                  Dissociation of Processes and Frontal Lobe Lesion
                  Location},
  journal = 	 {Neuropsychologia},
  year = 	 {2001},
  volume =	 {39},
  number =	 {8},
  pages =	 {771--786}
}

@Article{TsaiLY:1999:AutismDopamine,
  author = 	 {Tsai, Luke Y.},
  title = 	 {Psychopharmacology in Autism},
  journal = 	 {Psychosomatic Medicine},
  year = 	 {1999},
  volume =	 {61},
  pages =	 {651--665}
}

@Article{TuchmanR:2002:EpilepsyAutism,
  author = 	 {Tuchman, Roberto and Rapin, Isabelle},
  title = 	 {Epilepsy in Autism},
  journal = 	 {Lancet Neurology},
  year = 	 {2002},
  volume =	 {1},
  pages =	 {352--358}
}

@Article{TurnerW:1999:AutismGenerativity,
  author = 	 {Turner, M.},
  title = 	 {Generating Novel Ideas: Fluency Performance in
                  High-Functioning and Learning Disabled Individuals
                  with Autism},
  journal = 	 {Journal of Child Psychology and Psychiatry},
  year = 	 {1999},
  volume =	 {40},
  number =       {2},
  pages =	 {189--201}
}

@Article{StaalW:2012:DopamineASDGenetics,
  author = 	 {Staal, Wouter and {de Krom}, Mariken and {de Jonge},
                  Maretha},
  title = 	 {The Dopamine-3-Receptor Gene ({DRD3}) is Associated
                  with Specific Repetitive Behavior in Autism Spectrum
                  Disorder ({ASD})},
  journal = 	 {Journal of Autism and Developmental Disorders},
  year = 	 {2012},
  volume =	 {42},
  number =	 {5},
  pages =	 {885--888}
}

@Article{SchultzW:1997:TD,
  author = 	 {Schultz, Wolfram and Dayan, Peter and Montague, P. Read},
  title = 	 {A Neural Substrate of Prediction and Reward},
  journal = 	 {Science},
  year = 	 {1997},
  volume = 	 {275},
  number =       {5306},
  pages = 	 {1593--1599}
}

@Article{StoresG:1998:Sleep,
  author = 	 {Stores, Gregory and Wivggs, Luci},
  title = 	 {Abnormal Sleep Patterns Associated with Autism: A
                  Brief Review of Research Findings, Assessment
                  Methods and Treatment Strategies},
  journal = 	 {Autism},
  year = 	 {1998},
  volume =	 {2},
  number =	 {2},
  pages =	 {157--169}
}

@Article{JolliffeT:1997:Embedded,
  author = 	 {Jolliffe, T. and Baron-Cohen, Simon},
  title = 	 {Are People with Autism and {Asperger} Syndrome
                  Faster than Normal on the {Embedded Figures Test}?},
  journal = 	 {Journal of Child Psychology and Psychiatry},
  year = 	 {1997},
  volume =	 {38},
  number =	 {5},
  pages =	 {527--534}
}

@Article{ShahA:1983:Islet,
  author = 	 {Shah, A. and Frith, Uta},
  title = 	 {An Islet of Ability in Autistic Children: A Research
                  Note},
  journal = 	 {Journal of Child Psychology and Psychiatry},
  year = 	 {1983},
  volume =	 {24},
  number =	 {4},
  pages =	 {613--620}
}

@Article{PringL:1995:Savant,
  author = 	 {Pring, L. and Hermelin, B. and Heavey, L.},
  title = 	 {Savants, Segments, Art and Autism},
  journal = 	 {Journal of Child Psychology and Psychiatry},
  year = 	 {1995},
  volume =	 {36},
  number =	 {6},
  pages =	 {1065--1076}
}

@Article{NelsonEC:1993:Calendar,
  author = 	 {Nelson, E. C. and Pribor, E. F.},
  title = 	 {A Calendar Savant with Autism and {Tourette}
                  Syndrome. {Response} to Treatment and Thoughts on the
                  Interrelationships of these Conditions},
  journal = 	 {Annals of Clinical Psychiatry},
  year = 	 {1993},
  volume =	 {5},
  number =	 {2},
  pages =	 {135--140}
}

@Article{MatsumotoN:1999:Sequential,
  author = 	 {Matsumoto, Naoyuki and Hanakawa, Toru and Maki,
                  Shinichiro and Graybiel, Ann M. and Kimura, Minoru},
  title = 	 {Nigrostriatal Dopamine System in Learning to Perform
                  Sequential Motor Tasks in a Predictive Manner}, 
  journal = 	 {Journal of Neurophysiology},
  year = 	 {1999},
  volume =	 {82},
  number =	 {2},
  pages =	 {978--998}
}

@Article{LovaasO:1971:Selective,
  author = 	 {Lovaas, O. and Schreibman, L. and Koegel, R. and
                  Rehm, R.},
  title = 	 {Selective Responding by Autistic Children to
                  Multiple Sensory Input}, 
  journal = 	 {Journal of Abnormal Psychology},
  year = 	 {1971},
  volume =	 {77},
  number =	 {3},
  pages =	 {211--222}
}

@Article{ReedP:2005:TaskLoad,
  author = 	 {Reed, Phil and Gibson, Evelyn},
  title = 	 {The Effect of Concurrent Task Load on Stimulus
                  Over-Selectivity},
  journal = 	 {Journal of Autism and Developmental Disorders},
  year = 	 {2005},
  volume =	 {35},
  number =	 {5},
  pages =	 {601--614}
}

@Article{KlingerLG:2001:Prototype,
  author = 	 {Klinger, Laura Grofer and Dawson, Geraldine},
  title = 	 {Prototype Formation in Autism},
  journal = 	 {Development and Psychopathology},
  year = 	 {2001},
  volume =	 {13},
  number =	 {1},
  pages =	 {111--124}
}

@Article{KruschkeJK:1992:ALCOVE,
  author = 	 {Kurschke, John K.},
  title = 	 {{ALCOVE}: An Exemplar-Based Connectionist Model of
                  Category Learning},
  journal = 	 {Psychological Review},
  year = 	 {1992},
  volume =	 {99},
  number =	 {1},
  pages =	 {22--44}
}

@Article{KemperTL:1998:ASDNeuropathology,
  author = 	 {Kemper, Thomas L. and Bauman, Margaret},
  title = 	 {Neuropathology of Infantile Autism},
  journal = 	 {Journal of Neuropathology and Experimental Neurology},
  year = 	 {1998},
  volume =	 {57},
  number =	 {7},
  pages =	 {645--652}
}

@Article{PerryEK:2001:Cholinergic,
  author = 	 {Perry, Elaine K. and Lee, Mandy L. W. and
                  Martin-Ruiz, Carmen M. and Court, Jennifer A. and
                  Volsen, Stephen G. and Merrit, Jenny and Folly,
                  Elizabeth and Iversen, Portia E. and Bauman, Margaret
                  L. and Perry, Robert H. and Wenk, Gary L.},
  title = 	 {Cholinergic Activity in Autism: Abnormalities in the
                  Cerebral Cortex and Basal Forebrain}, 
  journal = 	 {American Journal of Psychiatry},
  year = 	 {2001},
  volume =	 {158},
  number =	 {7},
  pages =	 {1058--1066}
}

@Article{WilliamsJHG:2001:Imitation,
  author = 	 {Williams, Justin H. G. and Whiten, Andrew and
                  Suddendorf, Thomas and Perrett, David I.},
  title = 	 {Imitation, Mirror Neurons and Autism},
  journal = 	 {Neuroscience and Biobehavioral Reviews},
  year = 	 {2001},
  volume =	 {25},
  number =	 {4},
  pages =	 {287--295}
}

@Article{GalleseV:1996:ActionRecognition,
  author = 	 {Gallese, Vittorio and Fadiga, Luciano and
                  Fogassi,Leonardo and Rizzolatti, Giacomo},
  title = 	 {Action Recognition in the Premotor Cortex},
  journal = 	 {Brain},
  year = 	 {1996},
  volume =	 {119},
  number =	 {2},
  pages =	 {593--609}
}

@Article{GalleseV:1998:Mirror,
  author = 	 {Gallese, Vittorio and Goldman, Alvin},
  title = 	 {Mirror Neurons and the Simulation Theory of
                  Mind-Reading},
  journal = 	 {Trends in Cognitive Sciences},
  year = 	 {1998},
  volume =	 {2},
  number =	 {12},
  pages =	 {493--501}
}

@Article{AylwardEH:2002:BrainVolume,
  author = 	 {Aylward, E. H. and Minshew, Nancy J. and Field,
                  K. and Sparks, B. F. and Singh, N.},
  title = 	 {Effects of Age on Brain Volume and Head
                  Circumference in Autism}, 
  journal = 	 {Neurology},
  year = 	 {2002},
  volume =	 {59},
  number =	 {2},
  pages =	 {175--183}
}

@Article{RavizzaSM:2001:Attention,
  author = 	 {Ravizza, Susan M. and Ivry, Richard B.},
  title = 	 {Comparison of the Basal Ganglia and Cerebellum in
                  Shifting Attention},
  journal = 	 {Journal of Cognitive Neuroscience},
  year = 	 {2001},
  volume =	 {13},
  number =	 {3},
  pages =	 {285--297}
}

@Article{GrossbergS:2006:Autism,
  author = 	 {Grossberg, Stephen and Seidman, Don},
  title = 	 {Neural Dynamics of Autistic Behaviors: Cognitive,
                  Emotional, and Timing Substrates},
  journal = 	 {Psychological Review},
  year = 	 {2006},
  volume =	 {113},
  number =	 {3},
  pages =	 {483--525}
}

@Article{ReberAS:1967:Implicit,
  author = 	 {Reber, Arthur S.},
  title = 	 {Implicit Learning of Artificial Grammars},
  journal = 	 {Journal of Verbal Learning and Verbal Behavior},
  year = 	 {1967},
  volume =	 {6},
  pages =	 {855--863}
}

@Article{BarikS:1996:CerebellumDA,
  author = 	 {Barik, Samir and {de Beaurepaire}, Renaud},
  title = 	 {Evidence for a Functional Role of the Dopamine D3
                  Receptors in the Cerebellum}, 
  journal = 	 {Brain Research},
  year = 	 {1996},
  volume =	 {737},
  number =	 {4},
  pages =	 {347--350}
}

@Article{JacksonME:2001:AmygdalaDA,
  author = 	 {Jackson, Mark E. and Moghaddam, Bita},
  title = 	 {Amygdala Regulation of Nucleus Accumbens Dopamine
                  Output is Governed by the Prefrontal Cortex},
  journal = 	 {Journal of Neuroscience},
  year = 	 {2001},
  volume =	 {21},
  number =	 {2},
  pages =	 {676--681}
}

@Article{TessitoreA:2002:AmygdalaDA,
  author = 	 {Tessitore, Alessandro and Hariri, Ahmad R. and Fera,
                  Francesco and Smith, William G. and Chase, Thomas
                  N. and Hyde, Thomas M. and Weinberger, Daniel R. and
                  Mattay, Venkata S.},
  title = 	 {Dopamine Modulates the Response of the Human
                  Amygdala:  A Study in {Parkinson's} Disease}, 
  journal = 	 {Journal of Neuroscience},
  year = 	 {2002},
  volume =	 {22},
  number =	 {20},
  pages =	 {9099--9103}
}

@Article{MillerEK:2001:PFC,
  author = 	 {Miller, Earl K. and Cohen, Jonathan D.},
  title = 	 {An Integrative Theory of Prefrontal Cortex Function},
  journal = 	 {Annual Review of Neuroscience},
  year = 	 {2001},
  volume =	 {24},
  number =	 {1},
  pages =	 {167--202}
}

@Article{MehtaMA:2000:ParietalDA,
  author = 	 {Mehta, Mitul A. and Owen, Adrian M. and Sahakian,
                  Barbara J. and Mavaddat, Nahal and Pickard, John
                  D. and Robbins, Trevor W.},  
  title = 	 {Methylphenidate Enhances Working Memory by
                  Modulating Discrete Frontal and Parietal Lobe
                  Regions in the Human Brain}, 
  journal = 	 {Journal of Neuroscience},
  year = 	 {2000},
  volume =	 {20},
  number =       {6},
  pages =        {RC65}
}

@Article{LiS:2003:HippocampusDA,
  author = 	 {Li, Shaomin and Cullen, William K. and Anwyl, Roger
                  and Rowan, Michael J.},
  title = 	 {Dopamine-Dependent Facilitation of {LTP} Induction
                  in Hippocampal {CA1} by Exposure to Spatial
                  Novelty}, 
  journal = 	 {Nature Neuroscience},
  year = 	 {2003},
  volume =	 {6},
  number =	 {5},
  pages =	 {526--531}
}

@Article{FrankMJ:2006:Psychopharmacological,
  author = 	 {Frank, Michael J. and O'Reilly, Randall C.},
  title = 	 {A Mechanistic Account of Striatal Dopamine Function
                  in Human Cognition: Psychopharmacological Studies
                  with Cabergoline and Haloperidol},
  journal = 	 {Behavioral Neuroscience},
  year = 	 {2006},
  volume =	 {120},
  number =	 {3},
  pages =	 {497--517}
}

@Article{DavisE:1992:Cocaine,
  author = 	 {Davis, Evelyn and Fennoy, Ilene and Laraque,
                  Danielle and Kanem, Natalia and Brown, Gina and
                  Mitchell, Janet},
  title = 	 {Autism and Developmental Abnormalities in Children
                  with Perinatal Cocaine Exposure},
  journal = 	 {Journal of the National Medical Association},
  year = 	 {1992},
  volume =	 {84},
  number =	 {4},
  pages =	 {315--319}
}

@Article{LloydSA:2006:Cocaine,
  author = 	 {Lloyd, Steven A. and Faherty, C. J. and Smeyne,
                  Richard J.},
  title = 	 {Adult and In Utero Exposure to Cocaine Alters
                  Sensitivity to the {Parkinsonian} Toxin
                  1-methyl-4-phenyl-1,2,3,6-tetrahydropyridine},
  journal = 	 {Neuroscience},
  year = 	 {2006},
  volume =	 {137},
  number =	 {3},
  pages =	 {905--913}
}

@Article{DawND:2002:Opponent,
  author = 	 {Daw, Nathaniel D. and Kakade, Sham and Dayan,
                  Peter},
  title = 	 {Opponent Interactions Between Serotonin and
                  Dopamine},
  journal = 	 {Neural Networks},
  year = 	 {2002},
  volume =	 {15},
  number =	 {4--6},
  pages =	 {603--616}
}

@Article{LearyMR:1996:Movement,
  author = 	 {Leary, Martha R. and Hill, D. A.},
  title = 	 {Moving On: Autism and Movement Disturbance},
  journal = 	 {Mental Retardation},
  year = 	 {1996},
  volume =	 {34},
  number =	 {1},
  pages =	 {39--53}
}

@Article{DawsonG:2004:SocialOrienting,
  author = 	 {Dawson, Geraldine and Toth, Karen and Abbott, Robert
                  and Osterling, Julie and Munson, Jeff and Estes,
                  Annette and Liaw, Jane}, 
  title = 	 {Early Social Attention Impairments in Autism: Social
                  Orienting, Joint Attention, and Attention to
                  Distress}, 
  journal = 	 {Developmental Psychology},
  year = 	 {2004},
  volume =	 {40},
  number =	 {2},
  pages =	 {271--283}
}

@Article{GraybielAM:2000:Stereotypy,
  author = 	 {Graybiel, Ann M.},
  title = 	 {Levodopa-Induced Dyskinesias and Dopamine-Dependent
                  Stereotypies:  A New Hypothesis}, 
  journal = 	 {Trends in Neurosciences},
  year = 	 {2000},
  volume =	 {23},
  number =	 {10},
  pages =	 {S71--S77}
}

@Article{Ralph-WilliansRJ:2003:HyperactiveDA,
  author = 	 {Ralph-Williams, Rebecca J. and Paulus, Martin P. and
                  Xiaoxi, Zhuang and Hen, Rene and Geyer, Mark A.}, 
  title = 	 {Valproate Attenuates Hyperactive and Perseverative
                  Behaviors in Mutant Mice with a Dysregulated
                  Dopamine System},
  journal = 	 {Biological Psychiatry},
  year = 	 {2003},
  volume =	 {53},
  number =	 {4},
  pages =	 {352--359}
}

@Article{RalphRJ:2001:Perseveration,
  author = 	 {Ralph, Rebecca J. and Paulus, Martin P. and
                  Fumagalli, Fabio and Caron, Marc G. and Geyer, Mark
                  A.},
  title = 	 {Prepulse Inhibition Deficits and Perseverative Motor
                  Patterns in Dopamine Transporter Knock-Out Mice:
                  Differential Effects of {D1} and {D2} Receptor
                  Antagonists}, 
  journal = 	 {Journal of Neuroscience},
  year = 	 {2001},
  volume =	 {21},
  number =	 {1},
  pages =	 {305--313}
}

@Article{WaterhouseL:1996:Autism,
  author = 	 {Waterhouse, Lynn and Fein, Deborah and Modahl,
                  Charlotte},
  title = 	 {Neurofunctional Mechanisms in Autism},
  journal = 	 {Psychological Review},
  year = 	 {1996},
  volume =	 {103},
  number =	 {3},
  pages =	 {457--489}
}

@Article{TrieschJ:2006:GazeASD,
  author = 	 {Triesch, Jochen and Teuscher, Christof and De\'{a}k,
                  Gedeon O. and Carlson, Eric},
  title = 	 {Gaze Following: Why (Not) Learn It?},
  journal = 	 {Developmental Science},
  year = 	 {2006},
  volume =	 {9},
  number =	 {2},
  pages =	 {125--147}
}

@Article{TrieschJ:2007:Mirror,
  author = 	 {Triesch, Jochen and Jasso, Hector and De\'{a}k,
                  Gedeon O.},
  title = 	 {Emergence of Mirror Neurons in a Model of Gaze
                  Following},
  journal = 	 {Adaptive Behavior},
  year = 	 {2007},
  volume =	 {15},
  number =	 {2},
  pages =	 {149--165}
}

@Article{CarlssonML:1998:Glutamate,
  author = 	 {Carlsson, M. L.},
  title = 	 {Hypothesis: Is Infantile Autism a Hypoglutamatergic
                  Disorder? {Relevance} of Glutamate - Serotonin
                  Interactions for Pharmacotherapy}, 
  journal = 	 {Journal of Neural Transmission},
  year = 	 {1998},
  volume =	 {105},
  number =	 {4--5},
  pages =	 {525--535}
}

@Article{RubensteinJLR:2003:EI,
  author = 	 {Rubenstein, J. L. R. and Merzenich, Michael M.},
  title = 	 {Model of Autism: Increased Ratio of
                  Excitation/Inhibition in Key Neural Systems},
  journal = 	 {Genes, Brain, and Behavior},
  year = 	 {2003},
  volume =	 {2},
  number =	 {5},
  pages =	 {255--267}
}

@Book{APA:2000:DSM4,
  author =	 {American Psychiatric Association},
  title = 	 {Diagnostic and Statistical Manual of Mental
                  Disorders: {DSM-IV-TR}}, 
  publisher = 	 {American Psychiatric Association},
  year = 	 {2000},
  address =	 {Washington, D.C.},
  edition =	 {Fourth Edition}
}

@Article{WangM:2004:D2,
  author = 	 {Wang, Min and Vijayraghavan, Susheel and
                  Goldman-Rakic, Patricia S.},
  title = 	 {Selective {D2} Receptor Actions on the Functional
                  Circuitry of Working Memory},
  journal = 	 {Science},
  year = 	 {2004},
  volume =	 {303},
  pages =	 {853--856}
}

@Article{LevittJB:1993:Stripes,
  author = 	 {Levitt, J. B. and Lewis, David A. and Yoshioka,
                  T. and Lund, J. S.},
  title = 	 {Topography of Pyramidal Neuron Intrinsic Connections
                  in Macaque Monkey Prefrontal Cortex (Areas 9 46)},
  journal = 	 {Journal of Comparative Neurology},
  year = 	 {1993},
  volume =	 {338},
  pages =	 {360--376}
}
